<?xml version="1.0" encoding="UTF-8"?><record xmlns="http://www.loc.gov/MARC21/slim" xmlns:cinclude="http://apache.org/cocoon/include/1.0" xmlns:zs="http://www.loc.gov/zing/srw/">
  <leader>00559nz  a2200133n  4500</leader>
  <controlfield tag="001">no 96014397 </controlfield>
  <controlfield tag="003">DLC</controlfield>
  <controlfield tag="005">19960321052953.7</controlfield>
  <controlfield tag="008">960320n| acannaab|          |n aaa     c</controlfield>
  <datafield tag="010" ind1=" " ind2=" ">
    <subfield code="a">no 96014397 </subfield>
  </datafield>
  <datafield tag="035" ind1=" " ind2=" ">
    <subfield code="a">(OCoLC)oca04038793 </subfield>
  </datafield>
  <datafield tag="040" ind1=" " ind2=" ">
    <subfield code="a">DGPO</subfield>
    <subfield code="c">DGPO</subfield>
  </datafield>
  <datafield tag="100" ind1="1" ind2="0">
    <subfield code="a">Brown, Robert Clarke,</subfield>
    <subfield code="d">1947-</subfield>
  </datafield>
  <datafield tag="670" ind1=" " ind2=" ">
    <subfield code="a">U.S. Cong. Senate. Comm. on Commerce, Science, and Transportation. Nominations of Robert Talcott Francis, II ... 1996:</subfield>
    <subfield code="b">t.p. (Robert Clarke Brown; to be member of the Board of Directors of the Metropolitan Washington Airports Authority) p. 31 (b. 12/17/47)</subfield>
  </datafield>
</record>